<?xml version="1.0" encoding="UTF-8"?>
<collection xmlns:xsi="http://www.w3.org/2001/XMLSchema-instance" xsi:schemaLocation="http://www.loc.gov/MARC21/slim http://www.loc.gov/standards/marcxml/schema/MARC21slim.xsd" xmlns="http://www.loc.gov/MARC21/slim">
<record>
  <leader>01474cam a2200325   4500</leader>
  <controlfield tag="001">3072019</controlfield>
  <controlfield tag="003">NNC</controlfield>
  <controlfield tag="005">20130426015437.0</controlfield>
  <controlfield tag="008">791008s1919    ua       b    000 0 ara  </controlfield>
  <datafield tag="010" ind1=" " ind2=" ">
    <subfield code="a">   44045582 </subfield>
  </datafield>
  <datafield tag="035" ind1=" " ind2=" ">
    <subfield code="a">(OCoLC)ocm05503197</subfield>
  </datafield>
  <datafield tag="035" ind1=" " ind2=" ">
    <subfield code="9">ATP5043CU</subfield>
  </datafield>
  <datafield tag="035" ind1=" " ind2=" ">
    <subfield code="a">(NNC)3072019</subfield>
  </datafield>
  <datafield tag="040" ind1=" " ind2=" ">
    <subfield code="a">DLC</subfield>
    <subfield code="c">ZYU</subfield>
    <subfield code="d">SER</subfield>
    <subfield code="d">ZCU</subfield>
  </datafield>
  <datafield tag="050" ind1="0" ind2=" ">
    <subfield code="a">PJ7819.E4</subfield>
    <subfield code="b">I26</subfield>
  </datafield>
  <datafield tag="099" ind1=" " ind2=" ">
    <subfield code="a">893.7M893</subfield>
    <subfield code="a">X</subfield>
  </datafield>
  <datafield tag="100" ind1="0" ind2=" ">
    <subfield code="a">Ibn Muyassar,</subfield>
    <subfield code="d">-1278.</subfield>
  </datafield>
  <datafield tag="245" ind1="1" ind2="0">
    <subfield code="a">Annales d'Égypte (les khalifes Fâtimides)</subfield>
    <subfield code="c">texte arabe édité  par m. Henri Massé.</subfield>
  </datafield>
  <datafield tag="260" ind1=" " ind2=" ">
    <subfield code="a">Le Caire,</subfield>
    <subfield code="b">Impr. de l'Institut français d'archéologie orientale,</subfield>
    <subfield code="c">1919.</subfield>
  </datafield>
  <datafield tag="300" ind1=" " ind2=" ">
    <subfield code="a">2 p. l., [iii]-xxxii p.; 2 p. l., 139, [1] p.</subfield>
    <subfield code="c">28 cm.</subfield>
  </datafield>
  <datafield tag="490" ind1="1" ind2=" ">
    <subfield code="a">Publications de l'Institut français d'archéologie orientale. [Textes arabes ;</subfield>
    <subfield code="v">I</subfield>
  </datafield>
  <datafield tag="500" ind1=" " ind2=" ">
    <subfield code="a">Paged in part with Arabic numeral characters.</subfield>
  </datafield>
  <datafield tag="500" ind1=" " ind2=" ">
    <subfield code="a">Added t.-p. in Arabic.</subfield>
  </datafield>
  <datafield tag="500" ind1=" " ind2=" ">
    <subfield code="a">A continuation (1047-1158 A.D.) of the Annals of Egypt (Akhbār Miṣr) attributed to al-Musabbiḥī, of which a fragment only (1023-24 A.D.) is preserved in the Escorial. cf. p. ix.</subfield>
  </datafield>
  <datafield tag="504" ind1=" " ind2=" ">
    <subfield code="a">"Table chronologique des règnes des khalifes": p. [xiii] "Sommaire chronologique des événements": p. [xiv]-xx.</subfield>
  </datafield>
  <datafield tag="650" ind1=" " ind2="0">
    <subfield code="a">Fatimites.</subfield>
  </datafield>
  <datafield tag="700" ind1="0" ind2=" ">
    <subfield code="a">Musabbiḥī,</subfield>
    <subfield code="d">977-1029,</subfield>
    <subfield code="e">supposed author.</subfield>
  </datafield>
  <datafield tag="700" ind1="1" ind2=" ">
    <subfield code="a">Massé, Henri,</subfield>
    <subfield code="d">1886-1969,</subfield>
    <subfield code="e">editor.</subfield>
  </datafield>
  <datafield tag="830" ind1=" " ind2="0">
    <subfield code="a">Publications de l'Institut français d'archéologie orientale. [Textes arabes ;</subfield>
    <subfield code="v">I.</subfield>
  </datafield>
  <datafield tag="955" ind1=" " ind2=" ">
    <subfield code="b">CU07815760</subfield>
    <subfield code="d">off,glx</subfield>
    <subfield code="e">893.7M893 X</subfield>
  </datafield>
</record>
</collection>